@inproceedings{Roy2002,
	doi = {10.1109/test.2002.1041859},
	publisher = {{IEEE}},
	author = {A. Roy and S. Sunter and A. Fudoli and D. Appello},
	title = {High accuracy stimulus generation for A/D converter {BIST}},
	booktitle = {Proceedings. International Test Conference}
}
